<?xml version="1.0" encoding="UTF-8"?><record xmlns="http://www.loc.gov/MARC21/slim" xmlns:cinclude="http://apache.org/cocoon/include/1.0" xmlns:zs="http://www.loc.gov/zing/srw/">
  <leader>00492nz  a2200145n  4500</leader>
  <controlfield tag="001">no 00014467 </controlfield>
  <controlfield tag="003">DLC</controlfield>
  <controlfield tag="005">20000303070036.0</controlfield>
  <controlfield tag="008">000301n| acannaab           |a aaa     c</controlfield>
  <datafield tag="010" ind1=" " ind2=" ">
    <subfield code="a">no 00014467 </subfield>
  </datafield>
  <datafield tag="035" ind1=" " ind2=" ">
    <subfield code="a">(OCoLC)oca05164456</subfield>
  </datafield>
  <datafield tag="040" ind1=" " ind2=" ">
    <subfield code="a">NjP</subfield>
    <subfield code="b">eng</subfield>
    <subfield code="c">NjP</subfield>
  </datafield>
  <datafield tag="100" ind1="1" ind2=" ">
    <subfield code="a">Parlato, C.</subfield>
    <subfield code="q">(Carmela)</subfield>
  </datafield>
  <datafield tag="400" ind1="1" ind2=" ">
    <subfield code="a">Parlato, Carmela Edma</subfield>
  </datafield>
  <datafield tag="670" ind1=" " ind2=" ">
    <subfield code="a">Studi sul personaggio in H. James, E. Wharton, 1996:</subfield>
    <subfield code="b">t.p. (C. Parlato) p. 7 (Carmela Edma Parlato; b. Torre del Greco, Italy; teaches Italian and history)</subfield>
  </datafield>
</record>